%% This BibTeX bibliography file was created using BibDesk.
%% https://bibdesk.sourceforge.io/

%% Created for Dave Clark at 2025-05-06 19:08:22 -0400 


%% Saved with string encoding Unicode (UTF-8) 



@article{levitt1997using,
	author = {Steven Levitt},
	date-added = {2025-05-06 19:05:24 -0400},
	date-modified = {2025-05-06 19:08:22 -0400},
	journal = {American Economic Review},
	month = {June},
	number = {3},
	pages = {270-290},
	title = {Using Electoral Cycles in Police Hiring to Estimate the Effect of Police on Crime},
	volume = {87},
	year = {1997}}

@article{white1980heteroskedasticity,
	author = {White, Halbert},
	date-added = {2025-04-23 08:55:40 -0400},
	date-modified = {2025-04-23 08:55:47 -0400},
	journal = {Econometrica: journal of the Econometric Society},
	pages = {817--838},
	publisher = {JSTOR},
	title = {A heteroskedasticity-consistent covariance matrix estimator and a direct test for heteroskedasticity},
	year = {1980}}

@article{stock2008heteroskedasticity,
	author = {Stock, James H and Watson, Mark W},
	date-added = {2025-04-23 08:40:14 -0400},
	date-modified = {2025-04-23 08:40:26 -0400},
	journal = {Econometrica},
	number = {1},
	pages = {155--174},
	publisher = {Wiley Online Library},
	title = {Heteroskedasticity-robust standard errors for fixed effects panel data regression},
	volume = {76},
	year = {2008}}

@article{clarketalajps08,
	author = {Clark, David H. and Timothy Nordstrom and William Reed},
	date-added = {2025-04-20 15:59:45 -0400},
	date-modified = {2025-04-20 15:59:45 -0400},
	journal = {American Journal of Political Science},
	number = {4},
	pages = {763-773},
	title = {Substitution is in the Variance: Resources and Foreign Policy Choice},
	volume = {52},
	year = {2008}}

@book{clark2023interaction,
	author = {Clark, William Roberts and Golder, Matt},
	date-added = {2025-03-22 14:19:09 -0400},
	date-modified = {2025-03-22 14:19:27 -0400},
	publisher = {Cambridge University Press},
	title = {Interaction Models: Specification and Interpretation},
	year = {2023}}

@article{gelman2008scaling,
	author = {Gelman, Andrew},
	date-added = {2025-03-02 17:46:05 -0500},
	date-modified = {2025-03-02 17:46:12 -0500},
	journal = {Statistics in medicine},
	number = {15},
	pages = {2865--2873},
	publisher = {Wiley Online Library},
	title = {Scaling regression inputs by dividing by two standard deviations},
	volume = {27},
	year = {2008}}

@article{kennedy2002sinning,
	author = {Kennedy, Peter E},
	date-added = {2025-02-25 17:27:54 -0500},
	date-modified = {2025-02-25 17:28:10 -0500},
	journal = {Journal of Economic Surveys},
	number = {4},
	pages = {569--589},
	publisher = {Wiley Online Library},
	title = {Sinning in the basement: What are the rules? The ten commandments of applied econometrics},
	volume = {16},
	year = {2002}}

@article{varian2016build,
	author = {Varian, Hal R},
	date-added = {2025-02-02 16:43:12 -0500},
	date-modified = {2025-02-02 16:43:12 -0500},
	journal = {The American Economist},
	number = {1},
	pages = {81--90},
	publisher = {Sage Publications Sage CA: Los Angeles, CA},
	title = {How to build an economic model in your spare time},
	volume = {61},
	year = {2016}}

@book{bowmaker2012art,
	author = {Bowmaker, Simon W},
	date-added = {2025-02-02 16:43:12 -0500},
	date-modified = {2025-02-02 16:43:12 -0500},
	publisher = {Edward Elgar Publishing},
	title = {The art and practice of economics research: lessons from leading minds},
	year = {2012}}

@article{keele2006dynamic,
	author = {Keele, Luke and Kelly, Nathan J},
	date-added = {2024-04-14 14:11:04 -0400},
	date-modified = {2024-04-14 14:11:14 -0400},
	journal = {Political analysis},
	number = {2},
	pages = {186--205},
	publisher = {Cambridge University Press},
	title = {Dynamic models for dynamic theories: The ins and outs of lagged dependent variables},
	volume = {14},
	year = {2006}}

@book{bailey2016stats,
	author = {Michael A. Bailey},
	date-added = {2024-04-02 12:15:15 -0400},
	date-modified = {2024-04-02 12:15:54 -0400},
	publisher = {Oxford University Press},
	title = {Real stats: Using econometrics for political science and public policy},
	year = {2016}}

@article{green2001pool,
	author = {Green, Donald P and Kim, Soo Yeon and Yoon, David H},
	date-added = {2024-04-02 12:13:26 -0400},
	date-modified = {2024-04-02 12:13:51 -0400},
	journal = {International Organization},
	number = {2},
	pages = {441--468},
	publisher = {Cambridge University Press},
	title = {Dirty pool},
	volume = {55},
	year = {2001}}

@article{onealrussett97,
	author = {John R. Oneal and Bruce M. Russett},
	date-added = {2024-03-17 17:41:29 -0400},
	date-modified = {2024-03-17 17:43:06 -0400},
	journal = {International Studies Quarterly},
	month = {June},
	number = {2},
	pages = {267-294},
	title = {The Classic Liberals Were Right: Democracy, Interdependence, and Conflict, 1950-1985},
	volume = {4},
	year = {1997}}

@article{gillprq99,
	author = {Jeff Gill},
	date-added = {2024-02-25 09:30:13 -0500},
	date-modified = {2024-02-25 09:34:22 -0500},
	journal = {Political Research Quarterly},
	month = {September},
	number = {3},
	pages = {647-674},
	title = {The Insignificance of Null Hypothesis Signficance Testing},
	volume = {52},
	year = {1999}}

@book{wooldridge2013,
	author = {Jeffrey M. Wooldridge},
	date-added = {2024-02-23 16:59:54 -0500},
	date-modified = {2024-02-23 17:01:18 -0500},
	publisher = {South-Western/Cengage},
	title = {Introductory Econometrics},
	year = {2013}}

@book{foxregression1991,
	author = {John Fox},
	date-added = {2024-02-22 16:18:15 -0500},
	date-modified = {2024-02-22 16:21:29 -0500},
	publisher = {SAGE Publications},
	series = {Quantitative Applications in the Social Sciences},
	title = {Regression Diagnostics},
	year = {1991}}

@article{Lake92,
	author = {David A. Lake},
	date-added = {2024-01-14 17:06:30 -0500},
	date-modified = {2024-01-14 17:08:01 -0500},
	journal = {American Political Science Review},
	month = {March},
	number = 1,
	pages = {24-37},
	title = {Powerful Pacifists: Democratic States and War},
	volume = 86,
	year = 1992}

@article{berry2012improving,
	author = {Berry, William D and Golder, Matt and Milton, Daniel},
	date-added = {2024-01-12 13:28:05 -0500},
	date-modified = {2024-01-12 13:28:05 -0500},
	journal = {Journal of Politics},
	number = {3},
	pages = {653-671},
	title = {Improving Tests Of Theories Positing Interaction},
	volume = {74},
	year = {2012}}

@article{brambor2006understanding,
	author = {Brambor, T. and Clark, W.R. and Golder, M.},
	date-added = {2024-01-12 13:27:20 -0500},
	date-modified = {2024-01-12 13:27:20 -0500},
	journal = {Political Analysis},
	number = {1},
	pages = {63--82},
	publisher = {SPM-PMSAPSA},
	title = {Understanding interaction models: Improving empirical analyses},
	volume = {14},
	year = {2006}}

@article{king1986lie,
	author = {Gary King},
	date-added = {2024-01-12 13:26:45 -0500},
	date-modified = {2024-01-12 13:32:04 -0500},
	journal = {American Journal of Political Science},
	number = {3},
	pages = {666-687},
	title = {How Not to Lie with Statistics: Avoiding Common Mistakes in Quantitative Political Science},
	volume = {30},
	year = {1986}}
